@article{deepak2022brain,
  title={Brain tumor categorization from imbalanced MRI dataset using weighted loss and deep feature fusion.},
  author={Deepak, S and Ameer, PM},
  journal={Neurocomputing},
  year={2022},
  publisher={Elsevier}
}
@inproceedings{chen2017sca,
  title={Sca-cnn: Spatial and channel-wise attention in convolutional networks for image captioning},
  author={Chen, Long and Zhang, Hanwang and Xiao, Jun and Nie, Liqiang and Shao, Jian and Liu, Wei and Chua, Tat-Seng},
  booktitle={Proceedings of the IEEE conference on computer vision and pattern recognition},
  pages={5659--5667},
  year={2017}
}
@inproceedings{hu2018squeeze,
  title={Squeeze-and-excitation networks},
  author={Hu, Jie and Shen, Li and Sun, Gang},
  booktitle={Proceedings of the IEEE conference on computer vision and pattern recognition},
  pages={7132--7141},
  year={2018}
}
@inproceedings{lazebnik2006beyond,
  title={Beyond bags of features: Spatial pyramid matching for recognizing natural scene categories},
  author={Lazebnik, Svetlana and Schmid, Cordelia and Ponce, Jean},
  booktitle={2006 IEEE computer society conference on computer vision and pattern recognition (CVPR'06)},
  volume={2},
  pages={2169--2178},
  year={2006},
  organization={IEEE}
}
@inproceedings{grauman2005pyramid,
  title={The pyramid match kernel: Discriminative classification with sets of image features},
  author={Grauman, Kristen and Darrell, Trevor},
  booktitle={Tenth IEEE International Conference on Computer Vision (ICCV'05) Volume 1},
  volume={2},
  pages={1458--1465},
  year={2005},
  organization={IEEE}
}
@inproceedings{sivic2003video,
  title={Video Google: A text retrieval approach to object matching in videos},
  author={Sivic, Josef and Zisserman, Andrew},
  booktitle={Computer Vision, IEEE International Conference on},
  volume={3},
  pages={1470--1470},
  year={2003},
  organization={IEEE Computer Society}
}
@INPROCEEDINGS{GlorotDeep2011,
     author = {Glorot, Xavier and Bordes, Antoine and Bengio, Yoshua},
      month = apr,
      title = {Deep Sparse Rectifier Neural Networks},
  booktitle = {JMLR W\&CP: Proceedings of the Fourteenth International Conference on Artificial Intelligence and Statistics (AISTATS 2011)},
       year = {2011},
}
@article{le2020evolution,
  title={Evolution of the COVID-19 vaccine development landscape},
  author={Le, Tung Thanh and Cramer, Jakob P and Chen, Robert and Mayhew, Stephen},
  journal={Nat Rev Drug Discov},
  volume={19},
  number={10},
  pages={667--668},
  year={2020}
}
@article{hui2020continuing,
  title={The continuing 2019-nCoV epidemic threat of novel coronaviruses to global healthâ€”The latest 2019 novel coronavirus outbreak in Wuhan, China},
  author={Hui, David S and Azhar, Esam I and Madani, Tariq A and Ntoumi, Francine and Kock, Richard and Dar, Osman and Ippolito, Giuseppe and Mchugh, Timothy D and Memish, Ziad A and Drosten, Christian and others},
  journal={International journal of infectious diseases},
  volume={91},
  pages={264--266},
  year={2020},
  publisher={Elsevier}
}

@article{deepak2021brain,
  title={Brain tumour classification using siamese neural network and neighbourhood analysis in embedded feature space},
  author={Deepak, S and Ameer, PM},
  journal={International Journal of Imaging Systems and Technology},
  volume={31},
  number={3},
  pages={1655--1669},
  year={2021},
  publisher={Wiley Online Library}
}
@article{nanmaran2022investigating,
  title={Investigating the role of image fusion in brain tumor classification models based on machine learning algorithm for personalized medicine},
  author={Nanmaran, R and Srimathi, S and Yamuna, G and Thanigaivel, S and Vickram, AS and Priya, AK and Karthick, Alagar and Karpagam, J and Mohanavel, V and Muhibbullah, M},
  journal={Computational and Mathematical Methods in Medicine},
  volume={2022},
  year={2022},
  publisher={Hindawi}
}
@article{chandran2021wind,
  title={Wind power forecasting based on time series model using deep machine learning algorithms},
  author={Chandran, V and Patil, Chandrashekhar K and Manoharan, Anto Merline and Ghosh, Aritra and Sumithra, MG and Karthick, Alagar and Rahim, Robbi and Arun, K},
  journal={Materials Today: Proceedings},
  volume={47},
  pages={115--126},
  year={2021},
  publisher={Elsevier}
}
@inproceedings{wang2018non,
  title={Non-local neural networks},
  author={Wang, Xiaolong and Girshick, Ross and Gupta, Abhinav and He, Kaiming},
  booktitle={Proceedings of the IEEE conference on computer vision and pattern recognition},
  pages={7794--7803},
  year={2018}
}

@inproceedings{dai2017deformable,
  title={Deformable convolutional networks},
  author={Dai, Jifeng and Qi, Haozhi and Xiong, Yuwen and Li, Yi and Zhang, Guodong and Hu, Han and Wei, Yichen},
  booktitle={Proceedings of the IEEE international conference on computer vision},
  pages={764--773},
  year={2017}
}

@article{hu2018gather,
  title={Gather-excite: Exploiting feature context in convolutional neural networks},
  author={Hu, Jie and Shen, Li and Albanie, Samuel and Sun, Gang and Vedaldi, Andrea},
  journal={Advances in neural information processing systems},
  volume={31},
  year={2018}
}

@inproceedings{xie2017aggregated,
  title={Aggregated residual transformations for deep neural networks},
  author={Xie, Saining and Girshick, Ross and Doll{\'a}r, Piotr and Tu, Zhuowen and He, Kaiming},
  booktitle={Proceedings of the IEEE conference on computer vision and pattern recognition},
  pages={1492--1500},
  year={2017}
}

@article{balestriero2022effects,
  title={The effects of regularization and data augmentation are class dependent},
  author={Balestriero, Randall and Bottou, Leon and LeCun, Yann},
  journal={arXiv preprint arXiv:2204.03632},
  year={2022}
}


@inproceedings{umri2020detection,
  title={Detection of COVID-19 in chest X-ray image using CLAHE and convolutional neural network},
  author={Umri, Buyut Khoirul and Akhyari, Muhammad Wafa and Kusrini, Kusrini},
  booktitle={2020 2nd international conference on cybernetics and intelligent system (ICORIS)},
  pages={1--5},
  year={2020},
  organization={IEEE}
}

@inproceedings{abiwinanda2019brain,
title={Brain tumor classification using convolutional neural network},
author={Abiwinanda, Nyoman and Hanif, Muhammad and Hesaputra, S Tafwida and Handayani, Astri and Mengko, Tati Rajab},
booktitle={World congress on medical physics and biomedical engineering 2018},
pages={183--189},
year={2019},
organization={Springer}
}
@inproceedings{afshar2018brain,
  title={Brain tumor type classification via capsule networks},
  author={Afshar, Parnian and Mohammadi, Arash and Plataniotis, Konstantinos N},
  booktitle={2018 25th IEEE international conference on image processing (ICIP)},
  pages={3129--3133},
  year={2018},
  organization={IEEE}
}

@article{shaik2022multi,
  title={Multi-level attention network: application to brain tumor classification},
  author={Shaik, Nagur Shareef and Cherukuri, Teja Krishna},
  journal={Signal, Image and Video Processing},
  volume={16},
  number={3},
  pages={817--824},
  year={2022},
  publisher={Springer}
}

@article{deepak2021automated,
  title={Automated categorization of brain tumor from mri using cnn features and svm},
  author={Deepak, S and Ameer, PM},
  journal={Journal of Ambient Intelligence and Humanized Computing},
  volume={12},
  number={8},
  pages={8357--8369},
  year={2021},
  publisher={Springer}
}


@article{bodapati2021msenet,
  title={Msenet: Multi-modal squeeze-and-excitation network for brain tumor severity prediction},
  author={Bodapati, Jyostna Devi and Shareef, Shaik Nagur and Naralasetti, Veeranjaneyulu and Mundukur, Nirupama Bhat},
  journal={International Journal of Pattern Recognition and Artificial Intelligence},
  volume={35},
  number={07},
  pages={2157005},
  year={2021},
  publisher={World Scientific}
}

@article{zhang2022saikosaponin,
  title={Saikosaponin B4 Suppression Cancer Progression by Inhibiting SW480 and SW620 Cells Proliferation via the PI3K/AKT/mTOR Pathway in Colon Cancer},
  author={Zhang, Yiwei and Lin, Lizhen and Wang, Yushu and Liu, Zhenzhen and Xia, Wenxin and Sui, Hong and Fu, Xueyan},
  journal={Current Cancer Drug Targets},
  volume={22},
  number={11},
  pages={889--903},
  year={2022},
  publisher={Bentham Science Publishers}
}

@article{fathi2013meningioma,
  title={Meningioma},
  author={Fathi, Ali-Reza and Roelcke, Ulrich},
  journal={Current neurology and neuroscience reports},
  volume={13},
  number={4},
  pages={1--8},
  year={2013},
  publisher={Springer}
}

@article{zheng2019knockdown,
  title={Knockdown of CERB expression inhibits proliferation and migration of glioma cells line U251.},
  author={Zheng, KB and Xie, J and Li, YT and Yuan, Y and Wang, Y and Li, CH and Shi, YF},
  journal={Bratislavske Lekarske Listy},
  volume={120},
  number={4},
  pages={309--315},
  year={2019}
}

@article{mccoy314pituitary,
  title={Pituitary Adenoma},
  author={McCoy, Krisha},
  journal={Pituitary},
  volume={314},
  pages={722--2530}
}

@article{lal2014efficient,
  title={Efficient algorithm for contrast enhancement of natural images.},
  author={Lal, Shyam and Chandra, Mahesh and others},
  journal={Int. Arab J. Inf. Technol.},
  volume={11},
  number={1},
  pages={95--102},
  year={2014}
}
@article{louis20212021,
  title={The 2021 WHO classification of tumors of the central nervous system: a summary},
  author={Louis, David N and Perry, Arie and Wesseling, Pieter and Brat, Daniel J and Cree, Ian A and Figarella-Branger, Dominique and Hawkins, Cynthia and Ng, HK and Pfister, Stefan M and Reifenberger, Guido and others},
  journal={Neuro-oncology},
  volume={23},
  number={8},
  pages={1231--1251},
  year={2021},
  publisher={Oxford Academic}
}

@inproceedings{pashaei2018brain,
  title={Brain tumor classification via convolutional neural network and extreme learning machines},
  author={Pashaei, Ali and Sajedi, Hedieh and Jazayeri, Niloofar},
  booktitle={2018 8th International conference on computer and knowledge engineering (ICCKE)},
  pages={314--319},
  year={2018},
  organization={IEEE}
}


@article{vishwakarma2021metrics,
  title={Metrics for benchmarking and uncertainty quantification: Quality, applicability, and best practices for machine learning in chemistry},
  author={Vishwakarma, Gaurav and Sonpal, Aditya and Hachmann, Johannes},
  journal={Trends in Chemistry},
  volume={3},
  number={2},
  pages={146--156},
  year={2021},
  publisher={Elsevier}
}
@article{santurkar2018does,
  title={How does batch normalization help optimization?},
  author={Santurkar, Shibani and Tsipras, Dimitris and Ilyas, Andrew and Madry, Aleksander},
  journal={Advances in neural information processing systems},
  volume={31},
  year={2018}
}

@article{luo2016understanding,
  title={Understanding the effective receptive field in deep convolutional neural networks},
  author={Luo, Wenjie and Li, Yujia and Urtasun, Raquel and Zemel, Richard},
  journal={Advances in neural information processing systems},
  volume={29},
  year={2016}
}
@inproceedings{he2015delving,
  title={Delving deep into rectifiers: Surpassing human-level performance on imagenet classification},
  author={He, Kaiming and Zhang, Xiangyu and Ren, Shaoqing and Sun, Jian},
  booktitle={Proceedings of the IEEE international conference on computer vision},
  pages={1026--1034},
  year={2015}
}
@inproceedings{szegedy2017inception,
  title={Inception-v4, inception-resnet and the impact of residual connections on learning},
  author={Szegedy, Christian and Ioffe, Sergey and Vanhoucke, Vincent and Alemi, Alexander A},
  booktitle={Thirty-first AAAI conference on artificial intelligence},
  year={2017}
}

@incollection{waghmare2021brain,
  title={Brain tumor classification using deep learning},
  author={Waghmare, Vishal K and Kolekar, Maheshkumar H},
  booktitle={Internet of Things for Healthcare Technologies},
  pages={155--175},
  year={2021},
  publisher={Springer}
}

@article{liu2014survey,
  title={A survey of MRI-based brain tumor segmentation methods},
  author={Liu, Jin and Li, Min and Wang, Jianxin and Wu, Fangxiang and Liu, Tianming and Pan, Yi},
  journal={Tsinghua science and technology},
  volume={19},
  number={6},
  pages={578--595},
  year={2014},
  publisher={TUP}
}

@article{haralick1973textural,
  title={Textural features for image classification},
  author={Haralick, Robert M and Shanmugam, Karthikeyan and Dinstein, Its' Hak},
  journal={IEEE Transactions on systems, man, and cybernetics},
  number={6},
  pages={610--621},
  year={1973},
  publisher={Ieee}
}
@article{willmore2008berkeley,
  title={The berkeley wavelet transform: a biologically inspired orthogonal wavelet transform},
  author={Willmore, Ben and Prenger, Ryan J and Wu, Michael C-K and Gallant, Jack L},
  journal={Neural computation},
  volume={20},
  number={6},
  pages={1537--1564},
  year={2008},
  publisher={MIT Press}
}

@article{bodapati2021joint,
  title={Joint training of two-channel deep neural network for brain tumor classification},
  author={Bodapati, Jyostna Devi and Shaik, Nagur Shareef and Naralasetti, Veeranjaneyulu and Mundukur, Nirupama Bhat},
  journal={Signal, Image and Video Processing},
  volume={15},
  number={4},
  pages={753--760},
  year={2021},
  publisher={Springer}
}
@article{bahadure2017image,
  title={Image analysis for MRI based brain tumor detection and feature extraction using biologically inspired BWT and SVM},
  author={Bahadure, Nilesh Bhaskarrao and Ray, Arun Kumar and Thethi, Har Pal},
  journal={International journal of biomedical imaging},
  volume={2017},
  year={2017},
  publisher={Hindawi}
}

@article{swati2019brain,
  title={Brain tumor classification for MR images using transfer learning and fine-tuning},
  author={Swati, Zar Nawab Khan and Zhao, Qinghua and Kabir, Muhammad and Ali, Farman and Ali, Zakir and Ahmed, Saeed and Lu, Jianfeng},
  journal={Computerized Medical Imaging and Graphics},
  volume={75},
  pages={34--46},
  year={2019},
  publisher={Elsevier}
}

@inproceedings{paul2017deep,
  title={Deep learning for brain tumor classification},
  author={Paul, Justin S and Plassard, Andrew J and Landman, Bennett A and Fabbri, Daniel},
  booktitle={Medical Imaging 2017: Biomedical Applications in Molecular, Structural, and Functional Imaging},
  volume={10137},
  pages={253--268},
  year={2017},
  organization={SPIE}
}

@article{cheng2015enhanced,
  title={Enhanced performance of brain tumor classification via tumor region augmentation and partition},
  author={Cheng, Jun and Huang, Wei and Cao, Shuangliang and Yang, Ru and Yang, Wei and Yun, Zhaoqiang and Wang, Zhijian and Feng, Qianjin},
  journal={PloS one},
  volume={10},
  number={10},
  pages={e0140381},
  year={2015},
  publisher={Public Library of Science San Francisco, CA USA}
}

@inproceedings{carion2020end,
  title={End-to-end object detection with transformers},
  author={Carion, Nicolas and Massa, Francisco and Synnaeve, Gabriel and Usunier, Nicolas and Kirillov, Alexander and Zagoruyko, Sergey},
  booktitle={European conference on computer vision},
  pages={213--229},
  year={2020},
  organization={Springer}
}
@article{yuan2018ocnet,
  title={Ocnet: Object context network for scene parsing},
  author={Yuan, Yuhui and Huang, Lang and Guo, Jianyuan and Zhang, Chao and Chen, Xilin and Wang, Jingdong},
  journal={arXiv preprint arXiv:1809.00916},
  year={2018}
}

@article{srivastava2015highway,
  title={Highway networks},
  author={Srivastava, Rupesh Kumar and Greff, Klaus and Schmidhuber, J{\"u}rgen},
  journal={arXiv preprint arXiv:1505.00387},
  year={2015}
}

@inproceedings{zhang2020relation,
  title={Relation-aware global attention for person re-identification},
  author={Zhang, Zhizheng and Lan, Cuiling and Zeng, Wenjun and Jin, Xin and Chen, Zhibo},
  booktitle={Proceedings of the ieee/cvf conference on computer vision and pattern recognition},
  pages={3186--3195},
  year={2020}
}
@inproceedings{woo2018cbam,
  title={Cbam: Convolutional block attention module},
  author={Woo, Sanghyun and Park, Jongchan and Lee, Joon-Young and Kweon, In So},
  booktitle={Proceedings of the European conference on computer vision (ECCV)},
  pages={3--19},
  year={2018}
}
@article{ba2016layer,
  title={Layer normalization},
  author={Ba, Jimmy Lei and Kiros, Jamie Ryan and Hinton, Geoffrey E},
  journal={arXiv preprint arXiv:1607.06450},
  year={2016}
}
@inproceedings{zhang2018context,
  title={Context encoding for semantic segmentation},
  author={Zhang, Hang and Dana, Kristin and Shi, Jianping and Zhang, Zhongyue and Wang, Xiaogang and Tyagi, Ambrish and Agrawal, Amit},
  booktitle={Proceedings of the IEEE conference on Computer Vision and Pattern Recognition},
  pages={7151--7160},
  year={2018}
}
@inproceedings{gao2019global,
  title={Global second-order pooling convolutional networks},
  author={Gao, Zilin and Xie, Jiangtao and Wang, Qilong and Li, Peihua},
  booktitle={Proceedings of the IEEE/CVF Conference on Computer Vision and Pattern Recognition},
  pages={3024--3033},
  year={2019}
}
@inproceedings{erhan2014scalable,
  title={Scalable object detection using deep neural networks},
  author={Erhan, Dumitru and Szegedy, Christian and Toshev, Alexander and Anguelov, Dragomir},
  booktitle={Proceedings of the IEEE conference on computer vision and pattern recognition},
  pages={2147--2154},
  year={2014}
}
@article{ahishali2021advance,
  title={Advance warning methodologies for covid-19 using chest x-ray images},
  author={Ahishali, Mete and Degerli, Aysen and Yamac, Mehmet and Kiranyaz, Serkan and Chowdhury, Muhammad EH and Hameed, Khalid and Hamid, Tahir and Mazhar, Rashid and Gabbouj, Moncef},
  journal={IEEE Access},
  volume={9},
  pages={41052--41065},
  year={2021},
  publisher={IEEE}
}
@article{guo2022attention,
  title={Attention mechanisms in computer vision: A survey},
  author={Guo, Meng-Hao and Xu, Tian-Xing and Liu, Jiang-Jiang and Liu, Zheng-Ning and Jiang, Peng-Tao and Mu, Tai-Jiang and Zhang, Song-Hai and Martin, Ralph R and Cheng, Ming-Ming and Hu, Shi-Min},
  journal={Computational Visual Media},
  pages={1--38},
  year={2022},
  publisher={Springer}
}
@article{vaswani2017attention,
  title={Attention is all you need},
  author={Vaswani, Ashish and Shazeer, Noam and Parmar, Niki and Uszkoreit, Jakob and Jones, Llion and Gomez, Aidan N and Kaiser, {\L}ukasz and Polosukhin, Illia},
  journal={Advances in neural information processing systems},
  volume={30},
  year={2017}
}
@article{chen2017rethinking,
  title={Rethinking atrous convolution for semantic image segmentation},
  author={Chen, Liang-Chieh and Papandreou, George and Schroff, Florian and Adam, Hartwig},
  journal={arXiv preprint arXiv:1706.05587},
  year={2017}
}
@inproceedings{giusti2013fast,
  title={Fast image scanning with deep max-pooling convolutional neural networks},
  author={Giusti, Alessandro and Cire{\c{s}}an, Dan C and Masci, Jonathan and Gambardella, Luca M and Schmidhuber, J{\"u}rgen},
  booktitle={2013 IEEE International Conference on Image Processing},
  pages={4034--4038},
  year={2013},
  organization={IEEE}
}
@incollection{holschneider1990real,
  title={A real-time algorithm for signal analysis with the help of the wavelet transform},
  author={Holschneider, Matthias and Kronland-Martinet, Richard and Morlet, Jean and Tchamitchian, Ph},
  booktitle={Wavelets},
  pages={286--297},
  year={1990},
  publisher={Springer}
}
@inproceedings{long2015fully,
  title={Fully convolutional networks for semantic segmentation},
  author={Long, Jonathan and Shelhamer, Evan and Darrell, Trevor},
  booktitle={Proceedings of the IEEE conference on computer vision and pattern recognition},
  pages={3431--3440},
  year={2015}
}
@article{chen2017deeplab,
  title={Deeplab: Semantic image segmentation with deep convolutional nets, atrous convolution, and fully connected crfs},
  author={Chen, Liang-Chieh and Papandreou, George and Kokkinos, Iasonas and Murphy, Kevin and Yuille, Alan L},
  journal={IEEE transactions on pattern analysis and machine intelligence},
  volume={40},
  number={4},
  pages={834--848},
  year={2017},
  publisher={IEEE}
}
@inproceedings{lin2017feature,
  title={Feature pyramid networks for object detection},
  author={Lin, Tsung-Yi and Doll{\'a}r, Piotr and Girshick, Ross and He, Kaiming and Hariharan, Bharath and Belongie, Serge},
  booktitle={Proceedings of the IEEE conference on computer vision and pattern recognition},
  pages={2117--2125},
  year={2017}
}
@inproceedings{hariharan2015hypercolumns,
  title={Hypercolumns for object segmentation and fine-grained localization},
  author={Hariharan, Bharath and Arbel{\'a}ez, Pablo and Girshick, Ross and Malik, Jitendra},
  booktitle={Proceedings of the IEEE conference on computer vision and pattern recognition},
  pages={447--456},
  year={2015}
}
@article{chen2014semantic,
  title={Semantic image segmentation with deep convolutional nets and fully connected crfs},
  author={Chen, Liang-Chieh and Papandreou, George and Kokkinos, Iasonas and Murphy, Kevin and Yuille, Alan L},
  journal={arXiv preprint arXiv:1412.7062},
  year={2014}
}
@inproceedings{ciregan2012multi,
  title={Multi-column deep neural networks for image classification},
  author={Ciregan, Dan and Meier, Ueli and Schmidhuber, J{\"u}rgen},
  booktitle={2012 IEEE conference on computer vision and pattern recognition},
  pages={3642--3649},
  year={2012},
  organization={IEEE}
}
@article{felzenszwalb2009object,
  title={Object detection with discriminatively trained part-based models},
  author={Felzenszwalb, Pedro F and Girshick, Ross B and McAllester, David and Ramanan, Deva},
  journal={IEEE transactions on pattern analysis and machine intelligence},
  volume={32},
  number={9},
  pages={1627--1645},
  year={2009},
  publisher={IEEE}
}
@inproceedings{lin2016efficient,
  title={Efficient piecewise training of deep structured models for semantic segmentation},
  author={Lin, Guosheng and Shen, Chunhua and Van Den Hengel, Anton and Reid, Ian},
  booktitle={Proceedings of the IEEE conference on computer vision and pattern recognition},
  pages={3194--3203},
  year={2016}
}
@article{farabet2012learning,
  title={Learning hierarchical features for scene labeling},
  author={Farabet, Clement and Couprie, Camille and Najman, Laurent and LeCun, Yann},
  journal={IEEE transactions on pattern analysis and machine intelligence},
  volume={35},
  number={8},
  pages={1915--1929},
  year={2012},
  publisher={IEEE}
}
@article{van2017learning,
  title={Learning scale-variant and scale-invariant features for deep image classification},
  author={Van Noord, Nanne and Postma, Eric},
  journal={Pattern Recognition},
  volume={61},
  pages={583--592},
  year={2017},
  publisher={Elsevier}
}
@article{srivastava2014dropout,
  title={Dropout: a simple way to prevent neural networks from overfitting},
  author={Srivastava, Nitish and Hinton, Geoffrey and Krizhevsky, Alex and Sutskever, Ilya and Salakhutdinov, Ruslan},
  journal={The journal of machine learning research},
  volume={15},
  number={1},
  pages={1929--1958},
  year={2014},
  publisher={JMLR. org}
}
@article{he2015spatial,
  title={Spatial pyramid pooling in deep convolutional networks for visual recognition},
  author={He, Kaiming and Zhang, Xiangyu and Ren, Shaoqing and Sun, Jian},
  journal={IEEE transactions on pattern analysis and machine intelligence},
  volume={37},
  number={9},
  pages={1904--1916},
  year={2015},
  publisher={IEEE}
}
@article{chandra2021coronavirus,
  title={Coronavirus disease (COVID-19) detection in chest X-ray images using majority voting based classifier ensemble},
  author={Chandra, Tej Bahadur and Verma, Kesari and Singh, Bikesh Kumar and Jain, Deepak and Netam, Satyabhuwan Singh},
  journal={Expert systems with applications},
  volume={165},
  pages={113909},
  year={2021},
  publisher={Elsevier}
}
@article{nayak2021application,
  title={Application of deep learning techniques for detection of COVID-19 cases using chest X-ray images: A comprehensive study},
  author={Nayak, Soumya Ranjan and Nayak, Deepak Ranjan and Sinha, Utkarsh and Arora, Vaibhav and Pachori, Ram Bilas},
  journal={Biomedical Signal Processing and Control},
  volume={64},
  pages={102365},
  year={2021},
  publisher={Elsevier}
}
@article{hossin2015review,
  title={A review on evaluation metrics for data classification evaluations},
  author={Hossin, Mohammad and Sulaiman, Md Nasir},
  journal={International journal of data mining \& knowledge management process},
  volume={5},
  number={2},
  pages={1},
  year={2015},
  publisher={Academy \& Industry Research Collaboration Center (AIRCC)}
}
@article{kingma2014adam,
  title={Adam: A method for stochastic optimization},
  author={Kingma, Diederik P and Ba, Jimmy},
  journal={arXiv preprint arXiv:1412.6980},
  year={2014}
}
@inproceedings{ioffe2015batch,
  title={Batch normalization: Accelerating deep network training by reducing internal covariate shift},
  author={Ioffe, Sergey and Szegedy, Christian},
  booktitle={International conference on machine learning},
  pages={448--456},
  year={2015},
  organization={PMLR}
}

@article{chorowski2015attention,
  title={Attention-based models for speech recognition},
  author={Chorowski, Jan K and Bahdanau, Dzmitry and Serdyuk, Dmitriy and Cho, Kyunghyun and Bengio, Yoshua},
  journal={Advances in neural information processing systems},
  volume={28},
  year={2015}
}

@inproceedings{he2016deep,
  title={Deep residual learning for image recognition},
  author={He, Kaiming and Zhang, Xiangyu and Ren, Shaoqing and Sun, Jian},
  booktitle={Proceedings of the IEEE conference on computer vision and pattern recognition},
  pages={770--778},
  year={2016}
}
@inproceedings{huang2017densely,
  title={Densely connected convolutional networks},
  author={Huang, Gao and Liu, Zhuang and Van Der Maaten, Laurens and Weinberger, Kilian Q},
  booktitle={Proceedings of the IEEE conference on computer vision and pattern recognition},
  pages={4700--4708},
  year={2017}
}
@inproceedings{zeiler2014visualizing,
  title={Visualizing and understanding convolutional networks},
  author={Zeiler, Matthew D and Fergus, Rob},
  booktitle={European conference on computer vision},
  pages={818--833},
  year={2014},
  organization={Springer}
}
@article{simonyan2014very,
  title={Very deep convolutional networks for large-scale image recognition},
  author={Simonyan, Karen and Zisserman, Andrew},
  journal={arXiv preprint arXiv:1409.1556},
  year={2014}
}
@inproceedings{redmon2016you,
  title={You only look once: Unified, real-time object detection},
  author={Redmon, Joseph and Divvala, Santosh and Girshick, Ross and Farhadi, Ali},
  booktitle={Proceedings of the IEEE conference on computer vision and pattern recognition},
  pages={779--788},
  year={2016}
}
@article{sermanet2013overfeat,
  title={Overfeat: Integrated recognition, localization and detection using convolutional networks},
  author={Sermanet, Pierre and Eigen, David and Zhang, Xiang and Mathieu, Micha{\"e}l and Fergus, Rob and LeCun, Yann},
  journal={arXiv preprint arXiv:1312.6229},
  year={2013}
}
@inproceedings{girshick2014rich,
  title={Rich feature hierarchies for accurate object detection and semantic segmentation},
  author={Girshick, Ross and Donahue, Jeff and Darrell, Trevor and Malik, Jitendra},
  booktitle={Proceedings of the IEEE conference on computer vision and pattern recognition},
  pages={580--587},
  year={2014}
}
@inproceedings{chollet2017xception,
  title={Xception: Deep learning with depthwise separable convolutions},
  author={Chollet, Fran{\c{c}}ois},
  booktitle={Proceedings of the IEEE conference on computer vision and pattern recognition},
  pages={1251--1258},
  year={2017}
}

@article{hochreiter1997long,
  title={Long short-term memory},
  author={Hochreiter, Sepp and Schmidhuber, J{\"u}rgen},
  journal={Neural computation},
  volume={9},
  number={8},
  pages={1735--1780},
  year={1997},
  publisher={MIT Press}
}

@article{zu2020coronavirus,
  title={Coronavirus disease 2019 (COVID-19): a perspective from China},
  author={Zu, Zi Yue and Jiang, Meng Di and Xu, Peng Peng and Chen, Wen and Ni, Qian Qian and Lu, Guang Ming and Zhang, Long Jiang},
  journal={Radiology},
  volume={296},
  number={2},
  pages={E15--E25},
  year={2020},
  publisher={Radiological Society of North America}
}
@article{lecun2015deep,
  title={Deep learning},
  author={LeCun, Yann and Bengio, Yoshua and Hinton, Geoffrey},
  journal={nature},
  volume={521},
  number={7553},
  pages={436--444},
  year={2015},
  publisher={Nature Publishing Group}
}
@article{krizhevsky2012imagenet,
  title={Imagenet classification with deep convolutional neural networks},
  author={Krizhevsky, Alex and Sutskever, Ilya and Hinton, Geoffrey E},
  journal={Advances in neural information processing systems},
  volume={25},
  year={2012}
}
@article{lecun1989handwritten,
  title={Handwritten digit recognition with a back-propagation network},
  author={LeCun, Yann and Boser, Bernhard and Denker, John and Henderson, Donnie and Howard, Richard and Hubbard, Wayne and Jackel, Lawrence},
  journal={Advances in neural information processing systems},
  volume={2},
  year={1989}
}
@article{shi2020review,
  title={Review of artificial intelligence techniques in imaging data acquisition, segmentation, and diagnosis for COVID-19},
  author={Shi, Feng and Wang, Jun and Shi, Jun and Wu, Ziyan and Wang, Qian and Tang, Zhenyu and He, Kelei and Shi, Yinghuan and Shen, Dinggang},
  journal={IEEE reviews in biomedical engineering},
  volume={14},
  pages={4--15},
  year={2020},
  publisher={IEEE}
}
@article{rubin2020role,
  title={The role of chest imaging in patient management during the COVID-19 pandemic: a multinational consensus statement from the Fleischner Society},
  author={Rubin, Geoffrey D and Ryerson, Christopher J and Haramati, Linda B and Sverzellati, Nicola and Kanne, Jeffrey P and Raoof, Suhail and Schluger, Neil W and Volpi, Annalisa and Yim, Jae-Joon and Martin, Ian BK and others},
  journal={Radiology},
  volume={296},
  number={1},
  pages={172--180},
  year={2020},
  publisher={Radiological Society of North America}
}
@article{brenner2007computed,
  title={Computed tomographyâ€”an increasing source of radiation exposure},
  author={Brenner, David J and Hall, Eric J},
  journal={New England journal of medicine},
  volume={357},
  number={22},
  pages={2277--2284},
  year={2007},
  publisher={Mass Medical Soc}
}
@article{narin2021automatic,
  title={Automatic detection of coronavirus disease (covid-19) using x-ray images and deep convolutional neural networks},
  author={Narin, Ali and Kaya, Ceren and Pamuk, Ziynet},
  journal={Pattern Analysis and Applications},
  volume={24},
  number={3},
  pages={1207--1220},
  year={2021},
  publisher={Springer}
}
@article{erickson1993advanced,
  title={Advanced but expensive technology. Balancing affordability with access in rural areas.},
  author={Erickson, KONRAD A and Mackenzie, KR and Marshall, AJ},
  journal={Canadian family physician Medecin de famille canadien},
  volume={39},
  pages={28--30},
  year={1993}
}
@article{salehi2020coronavirus,
  title={Coronavirus disease 2019 (COVID-19): a systematic review of imaging findings in 919 patients},
  author={Salehi, Sana and Abedi, Aidin and Balakrishnan, Sudheer and Gholamrezanezhad, Ali and others},
  journal={Ajr Am J Roentgenol},
  volume={215},
  number={1},
  pages={87--93},
  year={2020}
}
@article{wu2020new,
  title={A new coronavirus associated with human respiratory disease in China},
  author={Wu, Fan and Zhao, Su and Yu, Bin and Chen, Yan-Mei and Wang, Wen and Song, Zhi-Gang and Hu, Yi and Tao, Zhao-Wu and Tian, Jun-Hua and Pei, Yuan-Yuan and others},
  journal={Nature},
  volume={579},
  number={7798},
  pages={265--269},
  year={2020},
  publisher={Nature Publishing Group}
}

@article{platto2020covid19,
  title={COVID19: an announced pandemic},
  author={Platto, Sara and Xue, Tongtong and Carafoli, Ernesto},
  journal={Cell Death \& Disease},
  volume={11},
  number={9},
  pages={1--13},
  year={2020},
  publisher={Nature Publishing Group}
}
@article{tahamtan2020real,
  title={Real-time RT-PCR in COVID-19 detection: issues affecting the results},
  author={Tahamtan, Alireza and Ardebili, Abdollah},
  journal={Expert review of molecular diagnostics},
  volume={20},
  number={5},
  pages={453--454},
  year={2020},
  publisher={Taylor \& Francis}
}
@article{xia2020evaluation,
  title={Evaluation of coronavirus in tears and conjunctival secretions of patients with SARS-CoV-2 infection},
  author={Xia, Jianhua and Tong, Jianping and Liu, Mengyun and Shen, Ye and Guo, Dongyu},
  journal={Journal of medical virology},
  volume={92},
  number={6},
  pages={589--594},
  year={2020},
  publisher={Wiley Online Library}
}

@article{singhal2020review,
  title={A review of coronavirus disease-2019 (COVID-19)},
  author={Singhal, Tanu},
  journal={The indian journal of pediatrics},
  volume={87},
  number={4},
  pages={281--286},
  year={2020},
  publisher={Springer}
}

@article{ar,
  title={Advance warning methodologies for covid-19 using chest x-ray images},
  author={Ahishali, Mete and Degerli, Aysen and Yamac, Mehmet and Kiranyaz, Serkan and Chowdhury, Muhammad EH and Hameed, Khalid and Hamid, Tahir and Mazhar, Rashid and Gabbouj, Moncef},
  journal={IEEE Access},
  volume={9},
  pages={41052--41065},
  year={2021},
  publisher={IEEE}
}

@article{acter2020evolution,
  title={Evolution of severe acute respiratory syndrome coronavirus 2 (SARS-CoV-2) as coronavirus disease 2019 (COVID-19) pandemic: A global health emergency},
  author={Acter, Thamina and Uddin, Nizam and Das, Jagotamoy and Akhter, Afroza and Choudhury, Tasrina Rabia and Kim, Sunghwan},
  journal={Science of the Total Environment},
  volume={730},
  pages={138996},
  year={2020},
  publisher={Elsevier}
}

@article{akt,
  title={COVID-19 detection using deep learning algorithm on chest X-ray images},
  author={Akter, Shamima and Shamrat, FM and Chakraborty, Sovon and Karim, Asif and Azam, Sami},
  journal={Biology},
  volume={10},
  number={11},
  pages={1174},
  year={2021},
  publisher={Multidisciplinary Digital Publishing Institute}
}
@inproceedings{dag,
  title={Reliable COVID-19 Detection Using Chest X-ray Images},
  author={Degerli, Aysen and Ahishali, Mete and Kiranyaz, Serkan and Chowdhury, Muhammad EH and Gabbouj, Moncef},
  booktitle={2021 IEEE International Conference on Image Processing (ICIP)},
  pages={185--189},
  year={2021},
  organization={IEEE}
}
@article{acos,
  title={Coronavirus disease (COVID-19) detection in chest X-ray images using majority voting based classifier ensemble},
  author={Chandra, Tej Bahadur and Verma, Kesari and Singh, Bikesh Kumar and Jain, Deepak and Netam, Satyabhuwan Singh},
  journal={Expert systems with applications},
  volume={165},
  pages={113909},
  year={2021},
  publisher={Elsevier}
}
@inproceedings{hyp,
  title={Hybrid Machine and Deep Transfer Learning Based Classification Models for Covid 19 and Pneumonia Diagnosis Using X-ray Images},
  author={Abdoul-Razak, Alassane Bonkano and Mikram, Mounia and Rhanoui, Maryem and Ghouzali, Sanaa},
  booktitle={The International Conference on Information, Communication \& Cybersecurity},
  pages={403--413},
  year={2021},
  organization={Springer}
}

@inproceedings{rigamonti2013learning,
  title={Learning separable filters},
  author={Rigamonti, Roberto and Sironi, Amos and Lepetit, Vincent and Fua, Pascal},
  booktitle={Proceedings of the IEEE conference on computer vision and pattern recognition},
  pages={2754--2761},
  year={2013}
}