@article{zaki2021covid,
  keywords={publ},
  title={COVID-19 Detection Based on Chest X-Ray Image Classification using Tailored CNN Model},
  author={Zaki, M and Amin, Khalid and Hamad, Ahmed Mahmoud},
  journal={IJCI. International Journal of Computers and Information},
  volume={8},
  number={2},
  pages={100--108},
  year={2021},
  publisher={Minufiya University; Faculty of Computers and Information}
}
@article{zaki2022covid,
  keywords={publ},
  title={Multiscale aware classification of COVID-19 from Chest X-Ray using a spatially weighted atrous spatial pyramid pooling CNN},
  author={Zaki, M and Amin, Khalid and Hamad, Ahmed Mahmoud},
  journal={submitted},
  publisher={Minufiya University; Faculty of Computers and Information}
}